@ARTICLE{2007PhLB..649..173H,
   author = {{Hagiwara}, K. and {Martin}, A.~D. and {Nomura}, D. and {Teubner}, T.
	},
    title = "{Improved predictions for g-2 of the muon and {$\alpha$}$_{}$(MZ2)}",
  journal = {Physics Letters B},
   eprint = {hep-ph/0611102},
     year = 2007,
    month = may,
   volume = 649,
    pages = {173-179},
      doi = {10.1016/j.physletb.2007.04.012},
   adsurl = {http://adsabs.harvard.edu/abs/2007PhLB..649..173H},
  adsnote = {Provided by the SAO/NASA Astrophysics Data System}
}

@article{Carlson:2015jba,
      author         = "Carlson, Carl E.",
      title          = "{The Proton Radius Puzzle}",
      journal        = "Prog. Part. Nucl. Phys.",
      volume         = "82",
      year           = "2015",
      pages          = "59-77",
      doi            = "10.1016/j.ppnp.2015.01.002",
      eprint         = "1502.05314",
      archivePrefix  = "arXiv",
      primaryClass   = "hep-ph",
      SLACcitation   = "%%CITATION = ARXIV:1502.05314;%%"
}
